%% This BibTeX bibliography file was created using BibDesk.
%% http://bibdesk.sourceforge.net/


%% Created for Ken Wakita at 2013-06-18 17:41:53 +0900 


%% Saved with string encoding Unicode (UTF-8) 



@inproceedings{W90,
	Address = {Tokyo},
	Author = {和田久美子},
	Booktitle = {Proc. KL1 Programming Workshop '90},
	Date-Added = {2013-06-18 08:09:35 +0000},
	Date-Modified = {2013-06-18 08:40:50 +0000},
	Organization = {{ICOT}},
	Pages = {42--49},
	Title = {スプレイ木の並列データ探索},
	Year = {1990},
	Yomi = {Kumiko Wada}}

@article{T85,
	Author = {Tarjan, R. E.},
	Date-Added = {2013-06-18 08:08:36 +0000},
	Date-Modified = {2013-06-18 08:09:33 +0000},
	Journal = {{SIAM} J. Alg. Disc. Math.},
	Number = {2},
	Pages = {306--318},
	Title = {Amortized Computational Complexity},
	Volume = {6},
	Year = {1990}}

@article{S89,
	Author = {E. Shapiro},
	Date-Added = {2013-06-18 08:07:49 +0000},
	Date-Modified = {2013-06-18 08:40:18 +0000},
	Journal = {{ACM} Computing Surveys},
	Number = {3},
	Pages = {413--510},
	Title = {The Family of Concurrent Logic Programming Languages},
	Volume = {21},
	Year = {1989}}

@article{ST85,
	Author = {Sleator, D. D. and Tarjan, R. E.},
	Date-Added = {2013-06-18 08:06:46 +0000},
	Date-Modified = {2013-06-18 08:07:46 +0000},
	Journal = {{J. ACM}},
	Number = {3},
	Pages = {652--686},
	Title = {Self-Adjusting Binary Search Trees},
	Volume = {32},
	Year = {1985}}

@inproceedings{LS86,
	Author = {Lanin, V. and Shasha, D.},
	Booktitle = {Proc. 1986 Fall Joint Computer Conference},
	Date-Added = {2013-06-18 08:04:45 +0000},
	Date-Modified = {2013-06-18 08:41:53 +0000},
	Organization = {{IEEE}},
	Pages = {380--389},
	Title = {A Symmetric Concurrent B-Tree Algorithm},
	Year = {1986}}
